@ARTICLE{Perlmutter1999,
       author = {{Perlmutter}, S. and {Aldering}, G. and {Goldhaber}, G. and {Knop}, R.~A. and {Nugent}, P. and {Castro}, P.~G. and {Deustua}, S. and {Fabbro}, S. and {Goobar}, A. and {Groom}, D.~E. and {Hook}, I.~M. and {Kim}, A.~G. and {Kim}, M.~Y. and {Lee}, J.~C. and {Nunes}, N.~J. and {Pain}, R. and {Pennypacker}, C.~R. and {Quimby}, R. and {Lidman}, C. and {Ellis}, R.~S. and {Irwin}, M. and {McMahon}, R.~G. and {Ruiz-Lapuente}, P. and {Walton}, N. and {Schaefer}, B. and {Boyle}, B.~J. and {Filippenko}, A.~V. and {Matheson}, T. and {Fruchter}, A.~S. and {Panagia}, N. and {Newberg}, H.~J.~M. and {Couch}, W.~J. and {Project}, The Supernova Cosmology},
        title = "{Measurements of {\ensuremath{\Omega}} and {\ensuremath{\Lambda}} from 42 High-Redshift Supernovae}",
      journal = {\apj},
     keywords = {COSMOLOGY: OBSERVATIONS, COSMOLOGY: DISTANCE SCALE, STARS: SUPERNOVAE: GENERAL, Cosmology: Observations, Cosmology: Distance Scale, Stars: Supernovae: General, Astrophysics, High Energy Physics - Experiment, High Energy Physics - Phenomenology},
         year = 1999,
        month = jun,
       volume = {517},
       number = {2},
        pages = {565-586},
          doi = {10.1086/307221},
archivePrefix = {arXiv},
       eprint = {astro-ph/9812133},
 primaryClass = {astro-ph},
       adsurl = {https://ui.adsabs.harvard.edu/abs/1999ApJ...517..565P},
      adsnote = {Provided by the SAO/NASA Astrophysics Data System}
}

@ARTICLE{Freedman2017,
       author = {{Freedman}, Wendy L.},
        title = "{Correction: Cosmology at a crossroads}",
      journal = {Nature Astronomy},
     keywords = {Astrophysics - Cosmology and Nongalactic Astrophysics},
         year = 2017,
        month = jun,
       volume = {1},
          eid = {0169},
        pages = {0169},
          doi = {10.1038/s41550-017-0169},
archivePrefix = {arXiv},
       eprint = {1706.02739},
 primaryClass = {astro-ph.CO},
       adsurl = {https://ui.adsabs.harvard.edu/abs/2017NatAs...1E.169F},
      adsnote = {Provided by the SAO/NASA Astrophysics Data System}
}

@ARTICLE{Sullivan2010,
       author = {{Sullivan}, M. and {Conley}, A. and {Howell}, D.~A. and {Neill}, J.~D. and {Astier}, P. and {Balland}, C. and {Basa}, S. and {Carlberg}, R.~G. and {Fouchez}, D. and {Guy}, J. and {Hardin}, D. and {Hook}, I.~M. and {Pain}, R. and {Palanque-Delabrouille}, N. and {Perrett}, K.~M. and {Pritchet}, C.~J. and {Regnault}, N. and {Rich}, J. and {Ruhlmann-Kleider}, V. and {Baumont}, S. and {Hsiao}, E. and {Kronborg}, T. and {Lidman}, C. and {Perlmutter}, S. and {Walker}, E.~S.},
        title = "{The dependence of Type Ia Supernovae luminosities on their host galaxies}",
      journal = {\mnras},
     keywords = {supernovae: general, cosmology: observations, distance scale, Astrophysics - Cosmology and Nongalactic Astrophysics},
         year = 2010,
        month = aug,
       volume = {406},
       number = {2},
        pages = {782-802},
          doi = {10.1111/j.1365-2966.2010.16731.x},
archivePrefix = {arXiv},
       eprint = {1003.5119},
 primaryClass = {astro-ph.CO},
       adsurl = {https://ui.adsabs.harvard.edu/abs/2010MNRAS.406..782S},
      adsnote = {Provided by the SAO/NASA Astrophysics Data System}
}
@article{Rigault2018,
    author = "Rigault, M. and others",
    collaboration = "Nearby Supernova Factory",
    title = "{Strong Dependence of Type Ia Supernova Standardization on the Local Specific Star Formation Rate}",
    eprint = "1806.03849",
    archivePrefix = "arXiv",
    primaryClass = "astro-ph.CO",
    doi = "10.1051/0004-6361/201730404",
    journal = "Astron. Astrophys.",
    volume = "644",
    pages = "A176",
    year = "2020"
}

@ARTICLE{Guy2007,
       author = {{Guy}, J. and {Astier}, P. and {Baumont}, S. and {Hardin}, D. and {Pain}, R. and {Regnault}, N. and {Basa}, S. and {Carlberg}, R.~G. and {Conley}, A. and {Fabbro}, S. and {Fouchez}, D. and {Hook}, I.~M. and {Howell}, D.~A. and {Perrett}, K. and {Pritchet}, C.~J. and {Rich}, J. and {Sullivan}, M. and {Antilogus}, P. and {Aubourg}, E. and {Bazin}, G. and {Bronder}, J. and {Filiol}, M. and {Palanque-Delabrouille}, N. and {Ripoche}, P. and {Ruhlmann-Kleider}, V.},
        title = "{SALT2: using distant supernovae to improve the use of type Ia supernovae as distance indicators}",
      journal = {\aap},
     keywords = {supernovae: general, cosmology: observations, Astrophysics},
         year = 2007,
        month = apr,
       volume = {466},
       number = {1},
        pages = {11-21},
          doi = {10.1051/0004-6361:20066930},
archivePrefix = {arXiv},
       eprint = {astro-ph/0701828},
 primaryClass = {astro-ph},
       adsurl = {https://ui.adsabs.harvard.edu/abs/2007A&A...466...11G},
      adsnote = {Provided by the SAO/NASA Astrophysics Data System}
}

@ARTICLE{Burns2011,
       author = {{Burns}, Christopher R. and {Stritzinger}, Maximilian and {Phillips}, M.~M. and {Kattner}, ShiAnne and {Persson}, S.~E. and {Madore}, Barry F. and {Freedman}, Wendy L. and {Boldt}, Luis and {Campillay}, Abdo and {Contreras}, Carlos and {Folatelli}, Gaston and {Gonzalez}, Sergio and {Krzeminski}, Wojtek and {Morrell}, Nidia and {Salgado}, Francisco and {Suntzeff}, Nicholas B.},
        title = "{The Carnegie Supernova Project: Light-curve Fitting with SNooPy}",
      journal = {\aj},
     keywords = {cosmology: observations, distance scale, supernovae: general, techniques: miscellaneous, Astrophysics - Cosmology and Nongalactic Astrophysics},
         year = 2011,
        month = jan,
       volume = {141},
       number = {1},
          eid = {19},
        pages = {19},
          doi = {10.1088/0004-6256/141/1/19},
archivePrefix = {arXiv},
       eprint = {1010.4040},
 primaryClass = {astro-ph.CO},
       adsurl = {https://ui.adsabs.harvard.edu/abs/2011AJ....141...19B},
      adsnote = {Provided by the SAO/NASA Astrophysics Data System}
}


@article{STAN,
   author = {Bob Carpenter and Andrew Gelman and Matthew D. Hoffman and Daniel Lee and Ben Goodrich and Michael Betancourt and Marcus Brubaker and Jiqiang Guo and Peter Li and Allen Riddell},
   title = {Stan: A Probabilistic Programming Language},
   journal = {Journal of Statistical Software, Articles},
   volume = {76},
   number = {1},
   year = {2017},
   keywords = {probabilistic programming; Bayesian inference; algorithmic differentiation; Stan},
   issn = {1548-7660},
   pages = {1--32},
   doi = {10.18637/jss.v076.i01},
   url = {https://www.jstatsoft.org/v076/i01}
}


@ARTICLE{Rose2021,
       author = {{Rose}, B.~M. and {Rubin}, D. and {Strolger}, L. and {Garnavich}, P.~M.},
        title = "{Host Galaxy Mass Combined with Local Stellar Age Improve Type Ia Supernovae Distances}",
      journal = {\apj},
     keywords = {Type Ia supernovae, Observational cosmology, Distance indicators, Cosmological parameters, 1728, 1146, 394, 339, Astrophysics - Astrophysics of Galaxies, Astrophysics - Cosmology and Nongalactic Astrophysics},
         year = 2021,
        month = mar,
       volume = {909},
       number = {1},
          eid = {28},
        pages = {28},
          doi = {10.3847/1538-4357/abd550},
archivePrefix = {arXiv},
       eprint = {2012.01460},
 primaryClass = {astro-ph.GA},
       adsurl = {https://ui.adsabs.harvard.edu/abs/2021ApJ...909...28R},
      adsnote = {Provided by the SAO/NASA Astrophysics Data System}
}

@ARTICLE{Brout2021,
       author = {{Brout}, Dillon and {Scolnic}, Daniel},
        title = "{It's Dust: Solving the Mysteries of the Intrinsic Scatter and Host-galaxy Dependence of Standardized Type Ia Supernova Brightnesses}",
      journal = {\apj},
     keywords = {Type Ia supernovae, Cosmology, Interstellar dust, Circumstellar dust, Dark energy, Accelerating universe, Supernovae, 1728, 343, 836, 236, 351, 12, 1668, Astrophysics - Cosmology and Nongalactic Astrophysics, Astrophysics - Astrophysics of Galaxies},
         year = 2021,
        month = mar,
       volume = {909},
       number = {1},
          eid = {26},
        pages = {26},
          doi = {10.3847/1538-4357/abd69b},
archivePrefix = {arXiv},
       eprint = {2004.10206},
 primaryClass = {astro-ph.CO},
       adsurl = {https://ui.adsabs.harvard.edu/abs/2021ApJ...909...26B},
      adsnote = {Provided by the SAO/NASA Astrophysics Data System}
}

@ARTICLE{Galbany2018,
       author = {{Galbany}, L. and {Anderson}, J.~P. and {S{\'a}nchez}, S.~F. and {Kuncarayakti}, H. and {Pedraz}, S. and {Gonz{\'a}lez-Gait{\'a}n}, S. and {Stanishev}, V. and {Dom{\'\i}nguez}, I. and {Moreno-Raya}, M.~E. and {Wood-Vasey}, W.~M. and {Mour{\~a}o}, A.~M. and {Ponder}, K.~A. and {Badenes}, C. and {Moll{\'a}}, M. and {L{\'o}pez-S{\'a}nchez}, A.~R. and {Rosales-Ortega}, F.~F. and {V{\'\i}lchez}, J.~M. and {Garc{\'\i}a-Benito}, R. and {Marino}, R.~A.},
        title = "{PISCO: The PMAS/PPak Integral-field Supernova Hosts Compilation}",
      journal = {\apj},
     keywords = {H ii regions, supernovae: general, techniques: spectroscopic, Astrophysics - Astrophysics of Galaxies, Astrophysics - High Energy Astrophysical Phenomena, Astrophysics - Solar and Stellar Astrophysics},
         year = 2018,
        month = mar,
       volume = {855},
       number = {2},
          eid = {107},
        pages = {107},
          doi = {10.3847/1538-4357/aaaf20},
archivePrefix = {arXiv},
       eprint = {1802.01589},
 primaryClass = {astro-ph.GA},
       adsurl = {https://ui.adsabs.harvard.edu/abs/2018ApJ...855..107G},
      adsnote = {Provided by the SAO/NASA Astrophysics Data System}
}

@ARTICLE{Hand2021,
       author = {{Hand}, Jared and {Liu}, Shu and {Galbany}, Llu{\'\i}s and {Perrefort}, Daniel and {Wood-Vasey}, W.~M. and {Burns}, Chris},
        title = "{Type Ia Host Bias is Robust Across Different Observation Methods and Fitting Techniques}",
      journal = {arXiv e-prints},
     keywords = {Astrophysics - Astrophysics of Galaxies, Astrophysics - Cosmology and Nongalactic Astrophysics},
         year = 2021,
        month = feb,
          eid = {arXiv:2102.08980},
        pages = {arXiv:2102.08980},
archivePrefix = {arXiv},
       eprint = {2102.08980},
 primaryClass = {astro-ph.GA},
       adsurl = {https://ui.adsabs.harvard.edu/abs/2021arXiv210208980H},
      adsnote = {Provided by the SAO/NASA Astrophysics Data System}
}

@ARTICLE{Salim2018,
       author = {{Salim}, Samir and {Boquien}, M{\'e}d{\'e}ric and {Lee}, Janice C.},
        title = "{Dust Attenuation Curves in the Local Universe: Demographics and New Laws for Star-forming Galaxies and High-redshift Analogs}",
      journal = {\apj},
     keywords = {dust, extinction, galaxies: fundamental parameters, Astrophysics - Astrophysics of Galaxies},
         year = 2018,
        month = may,
       volume = {859},
       number = {1},
          eid = {11},
        pages = {11},
          doi = {10.3847/1538-4357/aabf3c},
archivePrefix = {arXiv},
       eprint = {1804.05850},
 primaryClass = {astro-ph.GA},
       adsurl = {https://ui.adsabs.harvard.edu/abs/2018ApJ...859...11S},
      adsnote = {Provided by the SAO/NASA Astrophysics Data System}
}

@ARTICLE{Narayanan2018,
       author = {{Narayanan}, Desika and {Conroy}, Charlie and {Dav{\'e}}, Romeel and {Johnson}, Benjamin D. and {Popping}, Gerg{\"o}},
        title = "{A Theory for the Variation of Dust Attenuation Laws in Galaxies}",
      journal = {\apj},
     keywords = {dust, extinction, galaxies: ISM, Astrophysics - Astrophysics of Galaxies},
         year = 2018,
        month = dec,
       volume = {869},
       number = {1},
          eid = {70},
        pages = {70},
          doi = {10.3847/1538-4357/aaed25},
archivePrefix = {arXiv},
       eprint = {1805.06905},
 primaryClass = {astro-ph.GA},
       adsurl = {https://ui.adsabs.harvard.edu/abs/2018ApJ...869...70N},
      adsnote = {Provided by the SAO/NASA Astrophysics Data System}
}

@ARTICLE{Galbany2016a,
       author = {{Galbany}, L. and {Anderson}, J.~P. and {Rosales-Ortega}, F.~F. and {Kuncarayakti}, H. and {Kr{\"u}hler}, T. and {S{\'a}nchez}, S.~F. and {Falc{\'o}n-Barroso}, J. and {P{\'e}rez}, E. and {Maureira}, J.~C. and {Hamuy}, M. and {Gonz{\'a}lez-Gait{\'a}n}, S. and {F{\"o}rster}, F. and {Moral}, V.},
        title = "{Characterizing the environments of supernovae with MUSE}",
      journal = {\mnras},
     keywords = {methods: statistical, techniques: spectroscopic, supernovae: general, H II regions, galaxies: general, Astrophysics - Astrophysics of Galaxies, Astrophysics - High Energy Astrophysical Phenomena},
         year = 2016,
        month = feb,
       volume = {455},
       number = {4},
        pages = {4087-4099},
          doi = {10.1093/mnras/stv2620},
archivePrefix = {arXiv},
       eprint = {1511.01495},
 primaryClass = {astro-ph.GA},
       adsurl = {https://ui.adsabs.harvard.edu/abs/2016MNRAS.455.4087G},
      adsnote = {Provided by the SAO/NASA Astrophysics Data System}
}

@ARTICLE{Mandel2017,
       author = {{Mandel}, Kaisey S. and {Scolnic}, Daniel M. and {Shariff}, Hikmatali and {Foley}, Ryan J. and {Kirshner}, Robert P.},
        title = "{The Type Ia Supernova Color-Magnitude Relation and Host Galaxy Dust: A Simple Hierarchical Bayesian Model}",
      journal = {\apj},
     keywords = {distance scale, methods: statistical, supernovae: general, Astrophysics - Cosmology and Nongalactic Astrophysics, Statistics - Applications},
         year = 2017,
        month = jun,
       volume = {842},
       number = {2},
          eid = {93},
        pages = {93},
          doi = {10.3847/1538-4357/aa6038},
archivePrefix = {arXiv},
       eprint = {1609.04470},
 primaryClass = {astro-ph.CO},
       adsurl = {https://ui.adsabs.harvard.edu/abs/2017ApJ...842...93M},
      adsnote = {Provided by the SAO/NASA Astrophysics Data System}
}

@ARTICLE{Tripp1998,
       author = {{Tripp}, Robert},
        title = "{A two-parameter luminosity correction for Type IA supernovae}",
      journal = {\aap},
     keywords = {SUPERNOVAE: GENERAL, COSMOLOGY: OBSERVATIONS, DISTANCE SCALE},
         year = 1998,
        month = mar,
       volume = {331},
        pages = {815-820},
       adsurl = {https://ui.adsabs.harvard.edu/abs/1998A&A...331..815T},
      adsnote = {Provided by the SAO/NASA Astrophysics Data System}
}
